@book{Chevet22fr, 
	author={T. Chevet and S. Font and M.-A. Lefebvre and V. {Letort-Le Chevalier} and H. Lhachemi and C. Maniu and G. Sandou and C. Vlad},  
	title={Modélisation: Représentations et analyse des modèles},   
	year={2022},  
    publisher = {Polycopié CentraleSupélec, 4ème édition}
}

@book{BrauerBiology,
  author         = {F. Brauer and C. Castillo-Chavez},
  publisher      = {Springer New York, NY},
  title          = {Mathematical Models in Population Biology and Epidemiology},
  year           = {2012}
}

@article{ChaosControl,
  author          = {Qamar Din},
  journal         = {Commun Nonlinear Sci Numer Simulat},
  number          = {page 113-134},
  title           = {Complexity and chaos control in a discrete-time prey-predator model},
  volume          = {Volume 4949},
  year            = {2017}
}

@article{Holl2stoch,
  author          = {C. Ji, D. Jiang, N. Shi},
  journal         = {Journal of Mathematical Analysis and Applications},
  number          = {page 482-498},
  title           = {Analysis of a predator-prey model with modified Leslie-Gower and
Holling-type II schemes with stochastic perturbation},
  volume          = {Volume 359, Issue 2},
  year            = {2009}
}

@article{ProtecZone,
  author          = {Y. Du, R. Peng, M. Wang},
  journal         = {Journal of Differential Equations},
  number          = {page 3932-3956},
  title           = {Effect of a protection zone in the diffusive Leslie
predator-prey model},
  volume          = {Volume 246},
  year            = {2009}
}

@misc{bifurc,
  author       = {Cyrille Rossant},
  howpublished = {\url{<https://ipython-books.github.io/121-plotting-the-bifurcation-diagram-of-a-chaotic-dynamical-system/>}},
  title        = {Plotting the bifurcation diagram of a chaotic dynamical system},
  note = "[Online; accessed 12-January-2023]"
}